<?xml version="1.0" encoding="UTF-8"?><collection xmlns="http://www.loc.gov/MARC21/slim"><record><leader>00368nam--2200133-i-4500</leader><controlfield tag="001">000013048</controlfield><controlfield tag="002">20161230</controlfield><controlfield tag="005">20161230201030</controlfield><controlfield tag="008">060222s1000------------r-----000-0-eng-d</controlfield><datafield ind1=" " ind2=" " tag="245"><subfield code="a">Progress in nucleic acid research and molelcul ar biology</subfield></datafield><datafield ind1=" " ind2=" " tag="260"><subfield code="a">New York, Academic Press, 1953-1979</subfield></datafield><datafield ind1=" " ind2=" " tag="490"><subfield code="a">Xiv+364p</subfield></datafield><datafield ind1=" " ind2=" " tag="700"><subfield code="a">Cohn, Walde E</subfield></datafield><datafield ind1=" " ind2=" " tag="852"><subfield code="a">577.123.5:577.214/215</subfield></datafield></record></collection>